@misc{lin2022truthfulqa,
	title={TruthfulQA: Measuring How Models Mimic Human Falsehoods}, 
	author={Stephanie Lin and Jacob Hilton and Owain Evans},
	year={2022},
	eprint={2109.07958},
	archivePrefix={arXiv},
	primaryClass={cs.CL}
}
@misc{hendrycks2021measuring,
	title={Measuring Massive Multitask Language Understanding}, 
	author={Dan Hendrycks and Collin Burns and Steven Basart and Andy Zou and Mantas Mazeika and Dawn Song and Jacob Steinhardt},
	year={2021},
	eprint={2009.03300},
	archivePrefix={arXiv},
	primaryClass={cs.CY}
}